<?xml version="1.0" encoding="UTF-8"?><collection xmlns="http://www.loc.gov/MARC21/slim"><record><leader>00384nam--2200157-i-4500</leader><controlfield tag="001">000038097</controlfield><controlfield tag="002">20161230</controlfield><controlfield tag="005">20170304153747</controlfield><controlfield tag="008">060222s1000------------r-----000-0-eng-d</controlfield><datafield ind1=" " ind2=" " tag="100"><subfield code="a">Reich, Herbert J</subfield></datafield><datafield ind1=" " ind2=" " tag="245"><subfield code="a">Microwave principles</subfield></datafield><datafield ind1=" " ind2=" " tag="260"><subfield code="a">New York</subfield><subfield code="b">Van Nostrand</subfield><subfield code="c">1957</subfield></datafield><datafield ind1=" " ind2=" " tag="300"><subfield code="a">IX + 427 p</subfield></datafield><datafield ind1=" " ind2=" " tag="700"><subfield code="a">Ordung, Krauss H</subfield></datafield><datafield ind1=" " ind2=" " tag="852"><subfield code="a">12259</subfield></datafield><datafield ind1=" " ind2=" " tag="CAT"><subfield code="a">SYS</subfield><subfield code="c">20170304</subfield><subfield code="h">153747</subfield></datafield></record></collection>